<?xml version="1.0" encoding="UTF-8"?><record xmlns="http://www.loc.gov/MARC21/slim" xmlns:cinclude="http://apache.org/cocoon/include/1.0" xmlns:zs="http://www.loc.gov/zing/srw/">
  <leader>00535cz  a2200169n  4500</leader>
  <controlfield tag="001">n  80141298 </controlfield>
  <controlfield tag="003">DLC</controlfield>
  <controlfield tag="005">20141208092714.0</controlfield>
  <controlfield tag="008">801031n| azannaab           |a aaa      </controlfield>
  <datafield tag="010" ind1=" " ind2=" ">
    <subfield code="a">n  80141298 </subfield>
  </datafield>
  <datafield tag="040" ind1=" " ind2=" ">
    <subfield code="a">DLC</subfield>
    <subfield code="b">eng</subfield>
    <subfield code="e">rda</subfield>
    <subfield code="c">DLC</subfield>
    <subfield code="d">DLC</subfield>
  </datafield>
  <datafield tag="046" ind1=" " ind2=" ">
    <subfield code="f">1926</subfield>
  </datafield>
  <datafield tag="100" ind1="1" ind2=" ">
    <subfield code="a">Raymond, Harold R.,</subfield>
    <subfield code="d">1926-</subfield>
  </datafield>
  <datafield tag="400" ind1="1" ind2="0">
    <subfield code="a">Raymond, H. R.</subfield>
    <subfield code="q">(Harold R.),</subfield>
    <subfield code="d">1926-</subfield>
  </datafield>
  <datafield tag="400" ind1="1" ind2="0">
    <subfield code="a">Raymond, Tubby,</subfield>
    <subfield code="d">1926-</subfield>
  </datafield>
  <datafield tag="670" ind1=" " ind2=" ">
    <subfield code="a">His Tubby, c1980:</subfield>
    <subfield code="b">t.p. (Harold R. Raymond) p. 232 (b. 11/14/26)</subfield>
  </datafield>
  <datafield tag="670" ind1=" " ind2=" ">
    <subfield code="a">His The Delaware Wing-T, c1986:</subfield>
    <subfield code="b">CIP t.p. (H.R. "Tubby" Raymond)</subfield>
  </datafield>
</record>